@Article{WrapITK,
  author = 	 {Lehman, G. and Pincus, Z. and Regrain, B.},
  title = 	 {WrapITK: Enhanced languages support for the Insight Toolkit},
  journal = 	 {},
  year = 	 {},
  OPTkey = 	 {},
  OPTvolume = 	 {},
  OPTnumber = 	 {},
  OPTpages = 	 {},
  OPTmonth = 	 {},
  OPTnote = 	 {},
  OPTannote = 	 {}
}

@Misc{imview,
  author = {Talbot, H.},
  title =        {http://www.cmis.csiro.au/Hugues.Talbot/imview/},
  url= {http://www.cmis.csiro.au/Hugues.Talbot/imview/}
}

